@article{bravzinskas2017embedding,
  title={Embedding words as distributions with a {B}ayesian skipgram model},
  author={Bra{\v{z}}inskas, Arthur and Havrylov, Serhii and Titov, Ivan},
  journal={arXiv preprint arXiv:1711.11027},
  year={2017}
}

@inproceedings{kingma2014vae,
  author    = {Diederik P. Kingma and
               Max Welling},
  title     = {Auto-Encoding Variational {B}ayes},
  booktitle = {2nd International Conference on Learning Representations, {ICLR} 2014,
               Banff, AB, Canada, April 14-16, 2014, Conference Track Proceedings},
  year      = {2014}
}